%% This BibTeX bibliography file was created using BibDesk.
%% http://bibdesk.sourceforge.net/


%% Created for Bastian Pfleging at 2016-07-01 13:45:13 +0200 


%% Saved with string encoding Unicode (UTF-8) 



@inproceedings{Lam2006,
	Address = {New York, NY, USA},
	Author = {Heidi Lam and Ronald A. Rensink and Tamara Munzner},
	Booktitle = {Proceedings of the 3rd symposium on Applied perception in graphics and visualization},
	Date-Modified = {2016-07-01 11:24:36 +0000},
	Doi = {10.1145/1140491.1140515},
	Isbn = {1-59593-429-4},
	Location = {Boston, Massachusetts},
	Pages = {119--126},
	Publisher = {ACM},
	Series = {APGV '06},
	Title = {Effects of 2D Geometric Transformations on Visual Memory},
	Year = {2006},
	Bdsk-Url-1 = {http://doi.acm.org/10.1145/1140491.1140515}}

@article{Mukherjea1994,
	Address = {New York, NY, USA},
	Author = {Sougata Mukherjea and John T. Stasko},
	Date-Modified = {2016-07-01 11:45:13 +0000},
	Doi = {10.1145/196699.196702},
	Issn = {1073-0516},
	Journal = {ACM Trans. Comput.-Hum. Interact.},
	Number = {3},
	Pages = {215--244},
	Publisher = {ACM Press},
	Title = {Toward visual debugging: integrating algorithm animation capabilities within a source-level debugger},
	Volume = {1},
	Year = {1994},
	Bdsk-Url-1 = {http://doi.acm.org/10.1145/196699.196702}}

@inproceedings{Cooper2006,
	Address = {New York, NY, USA},
	Author = {Katy Cooper and Oscar de Bruijn and Robert Spence and Mark Witkowski},
	Booktitle = {Proceedings of the Working Conference on Advanced Visual Interfaces},
	Date-Modified = {2016-07-01 11:23:37 +0000},
	Doi = {10.1145/1133265.1133345},
	Isbn = {1-59593-353-0},
	Location = {Venezia, Italy},
	Pages = {381--388},
	Publisher = {ACM},
	Series = {AVI '06},
	Title = {A Comparison of Static and Moving Presentation Modes for Image Collections},
	Year = {2006},
	Bdsk-Url-1 = {http://doi.acm.org/10.1145/1133265.1133345}}
