% Encoding: UTF-8
% Bibliography for Paper Intimate data in Persoanl Informatics: Tracking, sharing and personal bounderies?


@article{doi:10.1177/1461444816636090,
	author = {Tamar Sharon and Dorien Zandbergen},
	title ={From data fetishism to quantifying selves: Self-tracking practices and the other values of data},
	journal = {New Media \& Society},
	volume = {19},
	number = {11},
	pages = {1695-1709},
	year = {2017},
	doi = {10.1177/1461444816636090}
}

@article{doi:10.1080/13691058.2014.920528,
	author = {Deborah Lupton},
	title = {Quantified sex: a critical analysis of sexual and reproductive self-tracking using apps},
	journal = {Culture, Health \& Sexuality},
	volume = {17},
	number = {4},
	pages = {440-453},
	year  = {2015},
	publisher = {Taylor & Francis},
	doi = {10.1080/13691058.2014.920528},
	note ={PMID: 24917459}}
}

@article{doi:10.1080/15265161.2017.1409823,
	author = {J. Danaher and S. Nyholm and B. D. Earp},
	title = {The Quantified Relationship},
	journal = {The American Journal of Bioethics},
	volume = {18},
	number = {2},
	pages = {3-19},
	year  = {2018},
	publisher = {Taylor & Francis},
	doi = {10.1080/15265161.2017.1409823},
	note ={PMID: 29393796}
}

@article{RAPP20161,
	title = {Personal informatics for everyday life: How users without prior self-tracking experience engage with personal data},
	journal = {International Journal of Human-Computer Studies},
	volume = {94},
	pages = {1 - 17},
	year = {2016},
	issn = {1071-5819},
	doi = {10.1016/j.ijhcs.2016.05.006},
	author = {Amon Rapp and Federica Cena}
}


@inproceedings{Khovanskaya:2013:EKY:2470654.2466467,
	author = {Khovanskaya, Vera and Baumer, Eric P.S. and Cosley, Dan and Voida, Stephen and Gay, Geri},
	title = {"Everybody Knows What You'Re Doing": A Critical Design Approach to Personal Informatics},
	booktitle = {Proceedings of the SIGCHI Conference on Human Factors in Computing Systems},
	series = {CHI '13},
	year = {2013},
	isbn = {978-1-4503-1899-0},
	location = {Paris, France},
	pages = {3403--3412},
	numpages = {10},
	url = {http://doi.acm.org/10.1145/2470654.2466467},
	doi = {10.1145/2470654.2466467},
	acmid = {2466467},
	publisher = {ACM}
}

@book{carrithers1985category,
	title={The category of the person: Anthropology, philosophy, history},
	author={Carrithers, Michael and Collins, Steven and Lukes, Steven},
	year={1985},
	publisher={Cambridge University Press}
}

@Article{Duportail2017,
  author  = {Duportail, Judith},
  title   = {I asked Tinder for my data. It sent me 800 pages of my deepest, darkest secrets},
  journal = {The Guardian},
  year    = {2017},
  month   = sep,
  url     = {https://www.theguardian.com/technology/2017/sep/26/tinder-personal-data-dating-app-messages-hacked-sold},
}

@Electronic{aboutTinder2018,
  author       = {Match Group, LLC, a Delaware limited liability company},
  year         = {2018},
  title        = {About Tinder},
  language     = {english},
  howpublished = {online},
  organization = {Match Group, LLC, a Delaware limited liability company},
  note         = {visited on 01.05.2018},
  url          = {https://www.gotinder.com/press},
}

@Electronic{bsi,
	author       = {Bundesamt für Sicherheit in der Informationstechnik (BSI)},
	year         = {[2018]},
	title        = {IT-Grundschutz - 4.3 Risiken bewerten},
	language     = {german},
	howpublished = {online},
	organization = {Bundesamt für Sicherheit in der Informationstechnik},
	note         = {visited on 25.05.2018},
	url          = {https://www.bsi.bund.de/DE/Themen/ITGrundschutz/ITGrundschutzAbout/ITGrundschutzSchulung/Webkurs1004/4_RisikenAnalysieren/2_Risiken%20bewerten/RisikenBewerten_node.html}
}

@inproceedings{sjoklint2015complexities,
  title        = {The complexities of self-tracking-An inquiry into user reactions and goal attainment},
  author       = {Sj{\"o}klint, Mimmi and Constantiou, Ioanna D and Trier, Matthias},
  date         = {2015},
  booktitle    = {Twenty-Third European Conference on Information Systems (ECIS)},
  eventdate    = {2015-05-26 - 2015-05-29},
  publisher    = {ECIS},
  location     = {M{\"u}nster},
  pages        = {15},
  url={https://balsa.man.poznan.pl/indico/event/44/contribution/36}
}

@inproceedings{choe2014understanding,
	title={Understanding quantified-selfers' practices in collecting and exploring personal data},
	author={Choe, Eun Kyoung and Lee, Nicole B and Lee, Bongshin and Pratt, Wanda and Kientz, Julie A},
	booktitle={Proceedings of the 32nd annual ACM conference on Human factors in computing systems},
	pages={1143--1152},
	year={2014},
	organization={ACM}
}

@book{meidert2018quantified,
	title={Quantified Self--Schnittstelle zwischen Lifestyle und Medizin},
	author={Meidert, Ursula and Scheermesser, Mandy and Prieur, Yvonne and Hegyi, Stefan and Stockinger, Kurt and Eyyi, Gabriel and Evers-W{\"o}lk, Michaela and Jacobs, Mattis and Oertel, Britta and Becker, Heidrun},
	volume={67},
	year={2018},
	publisher={vdf Hochschulverlag AG}
}

@article{lupton2014self,
	title={Self-tracking modes: Reflexive self-monitoring and data practices},
	author={Lupton, Deborah},
	year={2014}
}

@InProceedings{10.1007/978-3-319-61542-4_32,
	author= {Nandwani, M. and Kaushal, R.},
	editor= {Barolli, Leonard and Enokido, Tomoya},
	title= {Evaluating User Vulnerability to Privacy Disclosures over Online Dating Platforms},
	booktitle= {Innovative Mobile and Internet Services in Ubiquitous Computing},
	year= {2018},
	publisher= {Springer International Publishing},
	pages= {342--353},
	isbn= {978-3-319-61542-4}
}

@article{levy2014intimate,
	title= {Intimate surveillance},
	author= {K. E. C. Levy},
	journal= {Idaho Law Review},
	volume= {51},
	pages= {679 - 693},
	year= {2014},
	publisher= {HeinOnline},
}

@article{sassler2010partnering,
	title={Partnering across the life course: Sex, relationships, and mate selection},
	author={S. Sassler},
	journal={Journal of Marriage and Family},
	volume={72},
	number={3},
	pages={557--575},
	year={2010},
	publisher={Wiley Online Library}
}

@article{tait2015hello,
	title={Hello stranger! Trust and self-disclosure effects on online information sharing},
	author={S. Tait and D. Jeske},
	journal={International Journal of Cyber Behavior, Psychology and Learning},
	volume={5},
	number={1},
	pages={42--55},
	year={2015},
	publisher={IGI-Global}
}

@article{duntley2012evolution,
	title={The evolution of stalking},
	author={Duntley, Joshua D and Buss, David M},
	journal={Sex roles},
	volume={66},
	number={5-6},
	pages={311--327},
	year={2012},
	publisher={Springer}
}

@article{commitcreepy,
	title={How Creepy! The Impact of Social Media Surveillance on Romantic Relationships},
	author={Commit, Decide To and Reading, What Our Team Is},
	url = {https://decidetocommit.com/how-creepy-the-impact-of-social-media-surveillance-on-relationships/}
}

@Electronic{sueddeutsche_fb_stalking,
	title={Diese Webseite macht Facebook-Stalking unheimlich einfach},
	author={M. Strathmann},
	journal={Süddeutsche Zeitung},
	publisher={Süddeutscher Verlag},
	year={2017},
	date={16. Februar },
	url={http://www.sueddeutsche.de/digital/privatsphaere-in-sozialen-netzwerken-diese-webseite-macht-facebook-stalking-unheimlich-einfach-1.3380921}
}

@article{nolan2005hacking,
	title={Hacking human: data-archaeology and surveillance in social networks},
	author={Nolan, Jason and Levesque, Michelle},
	journal={ACM SIGGROUP Bulletin},
	volume={25},
	number={2},
	pages={33--37},
	year={2005},
	publisher={ACM}
}

@article{taylor2009privacy,
	title={Privacy concern and online personalization: The moderating effects of information control and compensation},
	author={Taylor, David G and Davis, Donna F and Jillapalli, Ravi},
	journal={Electronic Commerce Research},
	volume={9},
	number={3},
	pages={203--223},
	year={2009},
	publisher={Springer}
}

@book{kelly2017inevitable,
	title={The inevitable: understanding the 12 technological forces that will shape our future},
	author={Kelly, Kevin},
	year={2017},
	publisher={Penguin}
}

@electronic{ethicsOfSurveillance,
	author = {J. Danaher},
	title = {The Ethics of Intimate Surveillance (1)},
	url = {https://algocracy.wordpress.com/2016/07/05/the-ethics-of-intimate-surveillance-1/}
}

@article{roetzer1968erweiterte,
	title={Erweiterte Basaltemperaturmessung und Empf{\"a}ngnisregelung [Supplemented basal body temperature and regulation of conception]},
	author={Roetzer, Josef},
	journal={Archiv f{\"u}r Gyn{\"a}kologie},
	volume={206},
	number={2},
	pages={195--214},
	year={1968},
	publisher={Springer}
}

@inproceedings{rotzer1988geschichte,
	title={Zur Geschichte der Nat{\"u}rlichen Empf{\"a}ngnisregelung},
	author={R{\"o}tzer, Josef},
	booktitle={Referat gehalten am International Congress on Certainties and Doubts in Natural Family Planning Today, Mailand},
	pages={9--11},
	year={1988}
}

@book{lupton2016quantified,
	title={The quantified self},
	author={Lupton, Deborah},
	year={2016},
	publisher={John Wiley \& Sons}
}

@electronic{glowApp,
	title = {The Glow App: Track your period, fertility and much more},
	author={S. Andrews},
	year= {2015},
	date= {June 15},
	publisher = {WE HEART THIS},
	url={https://weheartthis.com/wp-content/uploads/2015/06/Glow-App-review-screenshot-1.jpg}
}

@article{doi:10.1080/15265161.2017.1422294,
	author = {J. Danaher and S. Nyholm and B. D. Earp},
	title = {The Benefits and Risks of Quantified Relationship Technologies: Response to Open Peer Commentaries on “The Quantified Relationship”},
	journal = {The American Journal of Bioethics},
	volume = {18},
	number = {2},
	pages = {W3-W6},
	year  = {2018},
	publisher = {Taylor & Francis},
	doi = {10.1080/15265161.2017.1422294},
	note ={PMID: 29393778},
	
	URL = { 
	https://www.tandfonline.com/doi/abs/10.1080/15265161.2017.1422294
	
	},
	eprint = { 
	https://www.tandfonline.com/doi/pdf/10.1080/15265161.2017.1422294
	
	}
}

@inproceedings{Consolvo:2005:LDS:1054972.1054985,
	author = {Consolvo, Sunny and Smith, Ian E. and Matthews, Tara and LaMarca, Anthony and Tabert, Jason and Powledge, Pauline},
	title = {Location Disclosure to Social Relations: Why, when, \& What People Want to Share},
	booktitle = {Proceedings of the SIGCHI Conference on Human Factors in Computing Systems},
	series = {CHI '05},
	year = {2005},
	isbn = {1-58113-998-5},
	location = {Portland, Oregon, USA},
	pages = {81--90},
	numpages = {10},
	url = {http://doi.acm.org/10.1145/1054972.1054985},
	doi = {10.1145/1054972.1054985},
	acmid = {1054985},
	publisher = {ACM},
	address = {New York, NY, USA},
	keywords = {experience sampling, location-enhanced computing, privacy, privacy classification, social relations, ubiquitous computing},
}

@article{Ikrath2018,
	author = {P. Ikrath},
	title = {Generation Ego},
	journal = {Paediatr Paedolog Austria},
	volume = {53},
	number = {1},
	pages = {28 - 31},
	publisher = {Springer Vienna},
	doi = {10.1007/s00608-017-0520-y},
	issn = {0030-9338},
}

@electronic{engl2016,
	title = {Paaradiese - damit die Liebe bleibt - Partnerschafts-APP mit korrespondierender Website},
	author={J. Engl, F. Thurmaier},
	year= {[2016]},
	publisher = {Institut für Forschung und Ausbildung in Kommunikationstherapie e.V.},
	url={https://www.institutkom.de/forschung/forschung-app.html}
}

@inproceedings{freed2018stalker,
	title={“A Stalker's Paradise”: How Intimate Partner Abusers Exploit Technology},
	author={Freed, Diana and Palmer, Jackeline and Minchala, Diana and Levy, Karen and Ristenpart, Thomas and Dell, Nicola},
	booktitle={Proceedings of the 2018 CHI Conference on Human Factors in Computing Systems},
	numpages = {13},
	year={2018},
	date = {04-21},
	doi = {10.1145/3173574.3174241},
	series = {CHI '18},
	year = {2018},
	organization={ACM}
}

@article{Tong2013Facebook,
	title = {Facebook Use During Relationship Termination: Uncertainty Reduction and Surveillance},
	author = {Tong, Stephanie},
	journal = {Cyberpsychology, behavior and social networking},
	volume = {16},
	number = {11},
	doi = {10.1089/cyber.2012.0549},
	pages = {788–793},
    year = {2013},
    issn = {2152-2715}
}

@article{albrecht2016gdpr,
	title={How the GDPR will change the world},
	author={J. P. Albrecht},
	journal={Eur. Data Prot. L. Rev.},
	volume={2},
	pages={287},
	year={2016},
	publisher={HeinOnline}
}

@article{anaya2018ethical,
	title={Ethical implications of user perceptions of wearable devices},
	author={L. H. S. Anaya,  and A. Alsadoon and Costadopoulos, N. and Prasad, P. W. C.},
	journal={Science and engineering ethics},
	pages={1--28},
	year={2018},
	publisher={Springer},
	doi = {10.1007/s11948-017-9872-8}
}

@electronic{kindara,
	title = {Kindara},
	author={KINDARA, INC},
	year= {2017},
	url={https://www.kindara.com/the-app}
}

@electronic{myNFP,
	title = {Datenschutzerklärung von myNFP},
	author={myNFP},
	year= {2018},
	url={https://www.mynfp.de/datenschutz}
}

@electronic{lily,
	title = {Lily - Your fertility, your life. Easy,Reliable, Private},
	author={Whimsical Inc.},
	year= {2017},
	url={http://whimsicallily.com/lily/en/}
}

@electronic{glow,
	title = {Glow - Modern care for your fertility},
	author={Glow Inc.},
	year= {2017},
	url={http://www.glowing.com }
}

@book{duttweiler2016leben,
	title={Leben nach Zahlen: Self-Tracking als Optimierungsprojekt?},
	author={Duttweiler, Stefanie and Gugutzer, Robert and Passoth, Jan-Hendrik and Str{\"u}bing, J{\"o}rg},
	volume={10},
	year={2016},
	publisher={transcript Verlag}
}


@Comment{jabref-meta: databaseType:bibtex;}
